@misc{arc42:2016,
    title = {arc42 - Ressources for software architects},
    year ={2012},
    howpublished = "\url{http://arc42.org/}",
    author = {Hruschka, P. and Starke, G.},
    note = "[Online; accessed 01-April-2210]"
}
@misc{eiffelStyleGuide,
    title = {Eiffel style guidelines},
    year ={2008},
    howpublished = "\url{https://www.eiffel.org/doc/eiffel/Style_Guidelines}",
    author = {Meyer B.},
    note = "[Online; accessed 29-September-2018]"
}
@misc{IEEE830:1998,
    title = {830-1998 - IEEE Recommended Practice for Software Requirements Specifications},
    year ={1998},
    howpublished = "\url{https://ieeexplore.ieee.org/document/720574}",
    author = {IEEE},
    note = "[Online; accessed 27-September-2018]"
}
@BOOK{ISOIEC9126,
    title = {ISO/IEC 9126. Software engineering -- Product quality},
    publisher = {ISO/IEC},
    year = {2001},
    author = {ISO/IEC}
}
@misc{rosettaCode,
    title = {Rosetta Code},
    year ={2016},
    howpublished = "\url{https://rosettacode.org}",
    author = {RosettaCode},
    note = "[Online; accessed 01-September-2018]"
}
@misc{rosettaCode:topo,
    title = {Rosetta Code - Topological Sort},
    year ={2018},
    howpublished = "\url{https://rosettacode.org/wiki/Topological_sort}",
    author = {RosettaCode},
    note = "[Online; accessed 01-September-2018]"
}
